@Book{xie2015,
  title = {Dynamic Documents with {R} and knitr},
  author = {Yihui Xie},
  publisher = {Chapman and Hall/CRC},
  address = {Boca Raton, Florida},
  year = {2015},
  edition = {2nd},
  note = {ISBN 978-1498716963},
  url = {http://yihui.org/knitr/},
}

@Book{miller1995,
  title = {Between people},
  author = {G. Miller and M. Steinberg},
  publisher = {Chicago: Science Research Associates},
  year = {1975}
}

@Book{wilmot1995,
  title = {Relational Communication},
  author = {W.W. Wilmot},
  publisher = {McGraw-Hill},
  year = {1995}
}

@Book{Weick_1995,
  title = {Sensemaking in organizations},
  author = {K. E. Weick},
  publisher = {Thousand Oaks, CA: Sage},
  year = {1995}
}

@Book{Lewis_2019,
  title = {Organizational Change: Creating Change Through Strategic Communication},
  author = {Laurie Lewis},
  publisher = {Wiley-Blackwell},
  year = {2019}
}



@article{smith2012,
	title = {Revealing a Master Narrative},
	author = {{Smith}, {Frances L. M.} and {Dougherty}, {Debbie S.}},
	year = {2012},
	month = {04},
	date = {2012-04-03},
	journal = {Management Communication Quarterly},
	pages = {453--478},
	volume = {26},
	number = {3},
	doi = {10.1177/0893318912438687},
	url = {http://dx.doi.org/10.1177/0893318912438687},
	langid = {en}
}

@article{ferguson2017,
	title = {(Re)Negotiating Organizational Socialization: Black Male Scholarship and the Closet},
	author = {{Ferguson}, {Marcus W.}},
	year = {2017},
	month = {11},
	date = {2017-11-28},
	journal = {Management Communication Quarterly},
	pages = {282--286},
	volume = {32},
	number = {2},
	doi = {10.1177/0893318917741990},
	url = {http://dx.doi.org/10.1177/0893318917741990},
	langid = {en}
}

@inbook{jablin_1987,
	title = {Organizational Entry, Assimilation, and Disengagement/Exit},
	year = {1987},
	author = {{JABLIN}, {FREDRIC M.}},
	publisher = {SAGE Publications, Inc.},
	pages = {732--818},
	doi = {10.4135/9781412986243.n19},
	url = {http://dx.doi.org/10.4135/9781412986243.n19}
}
