@book{Baxter_2008,
	doi = {10.4135/9781483329529},
	url = {https://doi.org/10.4135%2F9781483329529},
	year = 2008,
	publisher = {{SAGE} Publications, Inc.},
	author = {Leslie Baxter and Dawn Braithwaite},
	title = {Engaging Theories in Interpersonal Communication: Multiple Perspectives}
}

